<?xml version="1.0" encoding="UTF-8"?><collection xmlns="http://www.loc.gov/MARC21/slim"><record><leader>00471nam--2200133-i-4500</leader><controlfield tag="001">000044677</controlfield><controlfield tag="002">20161230</controlfield><controlfield tag="005">20161230201044</controlfield><controlfield tag="008">060222s1000------------r-----000-0-eng-d</controlfield><datafield ind1=" " ind2=" " tag="100"><subfield code="a">Tiberio, Ugo S.A</subfield></datafield><datafield ind1=" " ind2=" " tag="245"><subfield code="a">Transformazioni chimicihe provocate da scariche impulsive su idrocarburi liquidi. publ.della facolta d`ingegneria di pisa</subfield></datafield><datafield ind1=" " ind2=" " tag="260"><subfield code="a">Roma, Consiglio Nazionale Delle Ricerche, 1957, 19p., 11 Fig</subfield></datafield><datafield ind1=" " ind2=" " tag="490"><subfield code="a">Extras Din `La Ricerca Scientifica`</subfield></datafield><datafield ind1=" " ind2=" " tag="852"><subfield code="a">13853</subfield></datafield></record></collection>